@book{evans2011write,
  title={How to write a better thesis},
  author={Evans, David and Gruba, Paul and Zobel, Justin},
  year={2011},
  publisher={Melbourne Univ. Publishing}
}

@article{kopka1995guide,
  title={A Guide to $\{$$\backslash$LaTeX$\}$--Document},
  journal={Journal name},
  author={Kopka, H and Daly, PW},
  year={1995},
  publisher={Citeseer}
}
